@article{turingcomputable,
  title={On computable numbers, with an application to the Entscheidungsproblem},
  author={Turing, Alan Mathison},
  journal={Proceedings of the London mathematical society},
  volume={2},
  number={1},
  pages={230--265},
  year={1937},
  publisher={Wiley Online Library}
}

@article{whatiscomputation,
  title={What is computation},
  author={Denning, Peter J},
  journal={Ubiquity},
  year={2010}
}

@misc{pl-gens,
   author = "Wikipedia",
   title = "{Programming language generations} --- {W}ikipedia{,} The Free Encyclopedia",
   year = "2017",
   howpublished = {\url{http://en.wikipedia.org/w/index.php?title=Programming%20language%20generations&oldid=753335536}},
   note = "[Online; accessed 02-February-2017]"
 }

@article{bjarneOO,
 author = {Stroustrup, Bjarne},
 title = {What Is Object-Oriented Programming?},
 journal = {IEEE Softw.},
 issue_date = {May 1988},
 volume = {5},
 number = {3},
 month = may,
 year = {1988},
 issn = {0740-7459},
 pages = {10--20},
 numpages = {11},
 url = {http://dx.doi.org/10.1109/52.2020},
 doi = {10.1109/52.2020},
 acmid = {624721},
 publisher = {IEEE Computer Society Press},
 address = {Los Alamitos, CA, USA},
 keywords = {C language, C++, data abstraction, data hiding, general-purpose programming language, object-oriented programming, procedural programming, programming, programming paradigms},
}

@inproceedings{wadler-functional,
 author = {Wadler, Philip},
 title = {The Essence of Functional Programming},
 booktitle = {Proceedings of the 19th ACM SIGPLAN-SIGACT Symposium on Principles of Programming Languages},
 series = {POPL '92},
 year = {1992},
 isbn = {0-89791-453-8},
 location = {Albuquerque, New Mexico, USA},
 pages = {1--14},
 numpages = {14},
 url = {http://doi.acm.org/10.1145/143165.143169},
 doi = {10.1145/143165.143169},
 acmid = {143169},
 publisher = {ACM},
 address = {New York, NY, USA},
}

@inproceedings{pygil,
  title={Understanding the python gil},
  author={Beazley, David},
  booktitle={PyCON Python Conference. Atlanta, Georgia},
  year={2010}
}

@misc{core2duo,
   author = "Sven Olsen",
   title = "{DailyTech - Here Comes Conroe}",
   year = "2006",
   howpublished = {\url{http://www.dailytech.com/Here Comes Conroe/article3228.htm}},
   note = "[Online; accessed 02-February-2017]"
}

@misc{langrank,
   author = "TIOBE",
   title = "{TIOBE Programming Language Index for January 2017}",
   year = "2017",
   howpublished = {\url{http://www.tiobe.com/tiobe-index/}},
   note = "[Online; accessed 02-February-2017]"
}

